@article{atari,
	author    = {Volodymyr Mnih and
		Koray Kavukcuoglu and
		David Silver and
		Alex Graves and
		Ioannis Antonoglou and
		Daan Wierstra and
		Martin A. Riedmiller},
	title     = {Playing Atari with Deep Reinforcement Learning},
	journal   = {CoRR},
	volume    = {abs/1312.5602},
	year      = {2013}
}